2019 3564
1350 275 1416 341 59

29 406 275 458 ZAntennoe
339 405 562 470 pilosae,:
606 404 832 463 articulo
889 409 1113 457 secundo
1172 407 1305 455 ruso.
1359 406 1630 458 Scutellum

25 490 303 538 magnum,
341 475 553 522 dimidia
595 473 797 523 scilicet
828 472 1115 539 clyti-orum
1158 474 1493 538 longitndine.
1551 475 1628 525 E-

25 542 163 606 lytra
204 558 332 606 saepe
375 542 814 590 brunnescentia:
846 543 1146 591 membrana
1184 541 1422 605 obscura,
1458 545 1627 591 antice

21 607 451 657 albo-maculata.
504 610 657 659 Pedes
693 610 862 671 nigri,
923 610 1202 675 spinulosi:
1260 610 1402 658 tibiis
1441 613 1626 658 anticis

19 676 297 740 utriusque
333 690 479 724 sexus
533 677 874 738 ferrugineis3
924 678 1207 726 femoribus
1255 678 1624 727 anticisvalde

21 742 334 801 incrassatis,
379 743 618 805 dentatis,
648 742 713 791 ad
749 742 898 793 basin
940 746 1171 793 omnium
1220 746 1272 793 in
1319 762 1461 793 mare
1494 759 1623 810 saepe

21 808 347 873 ferrugineis.

55 964 69 1012 Ι
161 897 218 997 V>
220 914 251 949 a
267 916 311 964 r.
349 903 392 970 β
422 899 550 951 Fem.
601 900 819 968 pedibus
856 904 977 951 totis
1016 901 1268 952 testaceis.
1320 901 1499 968 Nuper
1532 919 1622 951 ex-

24 982 51 1014 c
78 983 165 1016 usa
186 1003 197 1013 .

0 1119 116 1207 '‘''17'
144 1128 213 1186 L.
260 1131 531 1188 silvaticus
583 1131 1092 1210 opaco-nigricans
1149 1149 1324 1208 supra
1369 1130 1621 1208 impres·

186 1213 629 1291 so-punctatus:
693 1213 930 1271 thorace
973 1211 1354 1270 transversim
1391 1212 1621 1270 subsul-

188 1306 318 1352 cato
359 1296 718 1375 scutelloque
774 1297 984 1376 nigris;
1041 1292 1292 1376 pedibus
1356 1294 1622 1370 unicolo-

188 1377 353 1436 ribus
395 1378 765 1438 submuticis.

156 1513 292 1581 Lyg.
333 1515 594 1568 silvaticus
628 1518 782 1569 Fan.
818 1516 1023 1583 Rhyng.
1053 1529 1165 1581 229.
1206 1512 1304 1564 126
1332 1512 1458 1563 Ex'r.
1484 1516 1619 1581 Syst.

19 1597 71 1659 4.
104 1596 211 1648 ι63.
241 1601 323 1663 98.
363 1602 476 1648 ater
510 1601 687 1665 elytris
705 1596 925 1668 fuscisl!

157 1694 269 1741 MAs
310 1688 367 1741 &
406 1693 532 1741 Fen.
571 1693 726 1741 Juxta
766 1710 914 1757 agros
947 1710 1064 1742 cum
1103 1692 1620 1759 praecedentecoha-

21 1763 212 1821 bitanS,
249 1769 323 1809 sat
369 1761 628 1825 frequens,
660 1762 811 1825 eique
853 1763 1044 1823 affinis,
1080 1771 1132 1808 at
1169 1759 1621 1826 paullo'minor—

24 1829 215 1894 Corpus
251 1829 472 1892 nigrum,
518 1830 586 1889 (in
630 1826 920 1894 junioribus
967 1827 998 1875 l.
1034 1845 1202 1894 nuper
1235 1825 1453 1874 exclusis
1493 1828 1620 1875 sub-

18 1901 318 1959 testaceum)
358 1898 441 1944 vix
476 1896 718 1962 pilosum.
789 1892 1030 1946 Antennae
1070 1896 1235 1943 solum
1278 1892 1486 1958 pilosae,
1535 1897 1619 1942 ni-

22 1981 137 2029 grae.
177 1962 385 2014 Thorax
438 1963 675 2012 similiter
707 1971 864 2029 atque
904 1964 956 2011 in
996 1961 1056 2012 L.
1100 1962 1340 2027 chiragra
1375 1969 1619 2009 constru-

21 2039 149 2080 ctus.
176 2030 441 2080 Scutellum
480 2029 813 2094 triangulare,
854 2032 1078 2095 nigrum,
1103 2029 1421 2093 longitudine
1457 2046 1619 2093 quar-

23 2107 90 2147 tae
137 2100 302 2167 partis
339 2097 646 2163 elytrorum.
722 2097 911 2163 Elytra
967 2115 1097 2164 saepe
1155 2096 1619 2161 griseo-brunnea,

22 2166 582 2232 impresso-punctam:
622 2166 828 2229 macula
859 2167 1024 2215 media
1060 2164 1304 2215 obsoleta.
1336 2161 1450 2213 Aloe
1472 2163 1621 2212 albae.

22 2233 322 2283 Membrana
379 2233 460 2281 vel
509 2233 628 2282 alba
685 2233 763 2283 vel
818 2234 977 2283 fusca.
1054 2233 1208 2284 Pedes
1257 2231 1338 2279 vel
1377 2229 1504 2280 fusci
1539 2228 1622 2276 vel

19 2303 247 2363 testacei,
285 2302 368 2348 vix
391 2302 615 2367 spinosi:
641 2302 926 2350 femoribus
945 2302 1125 2350 anticis
1147 2301 1460 2359 incrassatis,
1492 2297 1619 2348 sub-

21 2370 246 2417 muticis.
289 2369 507 2417 Maculae
544 2371 607 2419 ad
642 2370 790 2418 basin
831 2372 1022 2437 pedum
1065 2372 1150 2418 vix
1185 2367 1319 2415 ullae.

156 2462 304 2514 Not.
341 2465 386 2513 A
426 2463 487 2515 L.
526 2462 770 2531 chiragra
811 2463 1016 2513 dissert:
1064 2480 1282 2528 corpore
1321 2464 1404 2511 vix
1436 2464 1619 2529 pilose,

23 2531 240 2600 spinulis
280 2533 530 2583 tibiarum
568 2536 652 2583 vix
687 2532 988 2595 manifestis,
1012 2540 1061 2580 et
1094 2530 1313 2581 scutello
1348 2534 1552 2582 minori.

0 2709 38 2733 C,

0 2732 102 2798 L13
164 2741 234 2799 L.
274 2740 508 2821 plebqucs
560 2751 685 2798 ater
730 2761 943 2819 opacus
1008 2741 1446 2819 impunctatus:
1488 2740 1619 2797 tho-

196 2844 329 2881 race
374 2824 755 2883 transversim
819 2824 1133 2902 depresso;
1184 2821 1391 2901 elytris
1433 2821 1615 2880 brun-

192 2907 336 2976 neis,
380 2905 543 2963 tibiis
596 2906 800 2985 pilosis
843 2906 1207 2986 ferrugineis.

158 3038 218 3094 L.
257 3042 520 3094 silvestris
554 3044 708 3095 Pinz.
744 3044 840 3093 Fn.
880 3043 1091 3096 Germ,.?

155 3126 270 3176 MAs
304 3122 362 3174 δε
395 3124 523 3175 Fam.
564 3123 780 3176 Habitat
814 3127 867 3175 in
895 3127 1081 3176 Scania
1117 3133 1168 3174 et
1196 3126 1249 3175 in
1281 3122 1619 3188 ostrogothia
