2100 3563
562 224 637 293 ιδ’

360 399 466 451 que
503 401 685 449 curva,
719 386 930 454 punctis
963 388 1145 438 baseos
1186 385 1246 441 ὅτ
1288 390 1447 457 anelli,
1486 392 1688 462 nigris3
1746 397 1800 449 in
1836 401 2014 453 medio

357 451 500 502 linea
531 453 716 519 glabra
738 456 878 519 alba,
902 476 998 525 per
1033 457 1309 509 thoracem
1334 479 1551 529 quoque
1587 467 1849 518 transiens
1874 487 2015 536 pun-

360 528 619 589 ctumque
662 525 869 573 scutelli
908 527 1062 574 anate
1099 527 1376 579 dissecans.
1458 532 1581 583 Haec
1617 544 1795 586 autem
1831 541 2012 607 pictu-

357 608 421 641 ra
454 594 507 640 in
567 593 806 642 'masculo
861 596 1159 644 evidentior
1200 607 1277 647 est
1329 617 1488 666 quam
1549 605 1602 652 in
1644 604 1870 656 feminis.
1948 609 2012 666 In

356 661 645 711 individuis
680 668 859 712 autem
896 663 1032 714 bene
1074 670 1421 728 conservatis,
1452 672 1517 721 ad
1546 680 1751 722 certum
1785 675 2011 727 luminis

355 731 519 779 situm
557 732 867 798 conspectis,
910 733 1267 784 observantur
1305 737 1454 791 lineae
1491 741 1783 793 albicantes
1817 745 2012 813 epube

356 796 674 849 brevissima
714 810 859 865 ortae,
920 803 1351 870 longitudinales,
1390 809 1669 860 thoracem
1709 804 1768 860 &
1810 813 2015 864 scutel-

353 865 468 915 lum
522 877 874 921 transeuntes.
948 873 1125 941 Caput
1184 891 1400 940 quoque
1456 879 1807 931 albo-micat:
1844 884 2011 948 striga

352 936 528 986 media
567 938 716 987 fusca
808 942 980 992 Lineae
1019 942 1254 991 thoracis
1292 945 1585 998 albicantes
1640 947 1692 1014 6,
1744 968 1773 1000 e
1810 953 2010 1017 quibus

351 1004 490 1055 binae
524 1007 710 1055 saltem
750 1009 984 1061 dorsales
1039 1011 1326 1064 scutellum
1368 1024 1663 1068 transeunt.
1706 1020 1919 1070 Adsunt
1950 1022 2008 1068 in

349 1077 467 1128 basi
538 1077 748 1148 scutelli
822 1079 1028 1129 feminae
1101 1082 1322 1132 maculae
1391 1086 1574 1152 plures
1642 1088 1833 1154 nigrae,
1905 1105 2004 1137 ne-

351 1162 456 1215 que
493 1148 637 1196 deest
675 1149 1039 1197 rudimentum
1066 1147 1241 1200 liturae
1265 1156 1427 1219 nigrae
1451 1158 1505 1205 in
1541 1158 1702 1219 disco,
1740 1176 1835 1208 nec
1858 1175 2005 1224 pun-

348 1225 494 1266 ctum
532 1215 934 1277 albo—bifidum,
974 1219 1116 1283 quod
1178 1222 1232 1269 in
1291 1224 1528 1273 masculo
1568 1234 1646 1276 est
1680 1227 2000 1278 evidentius.

345 1287 512 1336 Pedes
553 1287 702 1352 picei,
739 1287 884 1337 tibiis
920 1287 1156 1337 breviter
1197 1291 1499 1358 spinuiosis.
1541 1295 1854 1363 Hemelytra
1885 1294 2002 1348 alae-

347 1356 557 1419 formia,
601 1354 741 1420 alba,
775 1366 925 1406 extus
961 1355 1029 1405 ad
1063 1357 1215 1409 basin
1257 1361 1444 1429 paullo
1485 1366 1739 1415 coriacea.

343 1520 402 1581 6.
480 1523 546 1580 T.
593 1523 972 1582 scm-abceoides
1042 1521 1231 1599 lamis,
1293 1550 1543 1611 corpore
1606 1540 1735 1591 toto
1803 1550 1999 1590 aeneo-

531 1616 682 1664 atrO.

492 1716 682 1784 Tetyroi
721 1717 879 1767 FABR.
921 1719 1131 1786 Rhyng.
1185 1722 1296 1783 143.
1339 1745 1419 1795 70,
1460 1724 1635 1779 Cimex
1671 1726 1798 1776 Ent.
1847 1727 1990 1794 Syst.

339 1787 389 1852 4.
428 1784 510 1856 89.
553 1790 635 1853 37.
675 1788 823 1836 LmN.
864 1789 961 1837 Fn.
993 1808 1111 1856 912.
1156 1791 1370 1845 VVoLrF.
1395 1797 1528 1848 Cim.
1573 1817 1616 1849 ι.
1652 1797 1700 1859 4.
1735 1805 1774 1846 t.
1814 1798 1908 1846 1.f.
1935 1798 1993 1862 4.

481 1883 631 1934 Mas
690 1878 748 1932 &
805 1883 964 1935 Fem.
1028 1887 1085 1933 In
1125 1892 1362 1951 gramine
1401 1894 1500 1942 sub
1538 1893 1771 1943 arbustis
1810 1896 1878 1945 ad
1917 1895 2025 1954 vi·-

341 1974 428 2006 am
467 1952 724 2018 Espero'd.
766 1971 941 2003 mense
979 1955 1121 2022 Sept.
1158 1967 1239 2006 sat
1280 1959 1567 2026 frequens3
1625 1966 1990 2027 magnitudine

340 2027 450 2074 fere
512 2021 794 2073 Coccinelloe
856 2041 883 2071 2
913 2031 1190 2090 punctam.
1270 2030 1474 2095 Corpus
1534 2033 1755 2094 nudum,
1815 2051 1989 2082 aeneo-

340 2095 570 2160 nigrum,
595 2092 1004 2157 punctulatum:
1061 2096 1285 2146 scutello
1324 2101 1569 2162 maximo,
1604 2101 1863 2151 abdomen
1898 2103 1989 2152 ob-

338 2172 560 2228 tegente.
618 2161 898 2210 individua
937 2163 1161 2211 feminea
1204 2165 1452 2217 masculis
1491 2172 1770 2236 saepissime
1801 2171 1987 2238 paullo

337 2234 563 2280 minora.
647 2227 823 2280 Larvob
877 2232 1095 2296 imagini
1151 2235 1354 2298 similis,
1416 2239 1721 2287 rudimento
1773 2240 1984 2291 scutelli

337 2300 870 2368 hemeiytrorumque
911 2311 1145 2368 excepto.
1188 2304 1356 2355 Tibiae
1396 2307 1641 2358 distincte
1676 2311 1914 2379 spinosae.

334 2574 389 2634 7.
446 2552 509 2611 T.
567 2551 808 2632 Tangim
855 2551 1109 2623 cinerea,
1165 2553 1412 2614 thorace
1458 2560 1654 2618 antico
1692 2565 1979 2646 utrinque

511 2637 686 2716 spina
746 2635 1148 2698 obtusissima.

468 2775 659 2843 Tetyra
697 2773 935 2841 Tangira
989 2781 1146 2830 FABR.
1186 2781 1394 2850 Rhyng.
1442 2783 1550 2833 138.
1594 2785 1678 2856 49,

465 2871 541 2922 Fe
561 2888 626 2923 m.
688 2874 746 2921 In
785 2873 1007 2926 &landia
1045 2897 1075 2927 a
1114 2881 1177 2927 D.
1219 2883 1276 2935 B.
1318 2885 1376 2931 F.
1419 2883 1547 2932 Fam
1575 2884 1761 2934 ssemel
1800 2895 1970 2952 capta.

328 2939 489 3009 Cydni
522 2942 762 2995 morionis
800 2947 1086 2996 individuis
1125 2953 1420 3003 minoribus
1462 2971 1565 3002 non
1609 2958 1789 3020 major.
1872 2952 1970 3006 Ca-

318 3018 412 3079 put
451 3014 691 3077 nigrum:
747 3015 914 3064 oculis
978 3015 1131 3065 valde
1169 3026 1425 3085 exserti53
1489 3025 1725 3075 antennis
1782 3025 1966 3088 nigris,

324 3081 625 3147 subpilosis.
705 3079 900 3150 Corpus
967 3102 1128 3151 supra
1167 3090 1454 3150 cinereum,
1494 3094 1969 3160 impresso-nigro-

319 3157 653 3214 punctatum.
735 3152 947 3206 Thorax
999 3157 1172 3208 antice
1210 3160 1359 3226 juxta
1397 3161 1578 3213 oculos
1612 3164 1765 3232 spina
1787 3163 1975 3223 utrin-g
