2100 3568
549 264 638 309 toz

340 390 418 465 48
468 392 534 447 P.
567 379 1121 464 sanguineus-rufus,
1170 399 1348 458 supra
1392 377 1856 457 aureo-pilosus:
1901 399 1961 437 e-

508 468 688 550 lytris
734 467 904 546 apice
944 475 1081 520 ante
1125 461 1541 521 membranam
1579 461 1749 521 albis·

478 617 702 685 Lygaeus
736 613 1037 679 sanguineus
1075 613 1231 663 Fun.
1272 613 1496 679 Rhyng..
1538 614 1652 666 238.
1691 628 1805 680 ¹79·
1831 610 1960 660 Em.

339 691 475 759 Syst.
512 689 561 750 4.
605 686 714 750 ι75.
758 686 866 746 ι44.
1918 724 1922 727 ⁵

482 812 596 860 Mas
633 804 691 857 &
725 810 855 857 Fam.
897 806 1252 866 Proecedente,
1291 824 1408 871 cum
1439 823 1545 872 quo
1581 809 1634 856 in
1677 803 1991 853 fruticibus

341 882 629 939 cohabitat,
668 876 850 944 paullo
890 879 1060 924 minor
1099 883 1149 922 et
1189 875 1493 923 distinctus:
1532 869 1705 925 colore
1745 872 1961 935 sangui-

338 969 437 1002 neo
488 947 852 1013 imprimisque
902 946 1201 1011 elytrorum
1244 944 1390 1009 apice
1429 952 1549 993 ante
1599 941 1963 992 membranam

338 1020 475 1068 albo.
523 1018 638 1082 Ipsa
682 1016 984 1064 mcmbrana
1017 1021 1067 1060 et
1093 1013 1188 1060 alae
1215 1012 1378 1074 magis
1416 1030 1628 1078 quoque
1670 1010 1963 1059 albescunt.

340 1084 487 1148 Color
521 1085 756 1151 corporis
795 1084 952 1132 etiam
992 1085 1044 1131 in
1079 1081 1346 1131 exsiccatis
1389 1080 1621 1149 pulchre⁴
1655 1079 1823 1129 rufus.

337 1296 418 1375 49
458 1296 526 1353 P.
567 1293 813 1368 Querceti
858 1290 1376 1358 ssavo-virescens,
1419 1311 1597 1371 supra
1658 1285 1961 1365 aureo-pi-

509 1376 700 1435 losus,
744 1376 1263 1443 roseo-irroratu83
1295 1373 1594 1433 femorum
1635 1374 1801 1454 apice
1860 1369 1957 1428 ni·

504 1471 857 1542 gro-puncta
866 1470 941 1517 to.

474 1600 616 1648 Mon.
657 1598 786 1646 Cim.
825 1596 1009 1663 Suppl.
1058 1596 1132 1646 15.

461 1691 593 1746 AMAs
630 1689 688 1742 &
722 1696 853 1744 Fau}
894 1692 1112 1743 Habitat
1149 1707 1252 1739 una
1287 1707 1406 1739 cum
1445 1687 1710 1748 affinibus,
1748 1704 1965 1755 praeser-

341 1769 437 1820 tim
491 1767 543 1813 in
592 1764 867 1825 Quercetis
924 1760 1162 1827 Espero‘d
1210 1776 1385 1807 mense
1434 1756 1597 1806 Julio.
1652 1757 1963 1821 Magnitudo

342 1838 397 1892 P.
437 1832 567 1885 rosei
606 1832 637 1879 l.
678 1831 964 1896 sanguinei}
999 1832 1071 1877 eis
1110 1844 1323 1894 quoque
1362 1826 1503 1875 haud
1529 1825 1810 1874 dissimilis.
1836 1821 1964 1876 Cor-

339 1921 436 1975 pus
469 1900 851 1955 mollissimum,
898 1899 1118 1948 viventis
1152 1897 1349 1944 viride:
1384 1913 1485 1944 ano
1526 1892 1743 1959 pallido,
1783 1895 1833 1940 in
1875 1910 1962 1942 ex-

343 1973 547 2024 siccatis
589 1985 720 2034 saepe
760 1968 1017 2017 coccineo.
1059 1965 1307 2016 Antennae
1342 1972 1393 2012 et
1429 1964 1581 2030 pedes
1617 1960 1846 2027 pallida:
1881 1960 1962 2009 fe-

342 2039 578 2094 moribus
617 2044 737 2084 ante
775 2037 976 2102 apicem
1010 2034 1457 2098 nigro-punctatis
1494 2040 1544 2079 et
1581 2030 1844 2079 interdum
1866 2047 1964 2078 ru-

343 2106 619 2160 so-tinctis.
677 2101 869 2169 Corpus
910 2121 1069 2170 supra
1111 2099 1403 2167 pallidum,
1450 2097 1963 2163 aureo-pilosumct

342 2174 832 2229 roseo-irroratum.
884 2174 1142 2221 Tinctum
1177 2175 1350 2216 autem
1390 2185 1537 2216 rosea
1583 2167 1633 2213 in
1681 2174 1828 2230 parte
1863 2183 1962 2213 an-

341 2242 527 2295 teriori
564 2241 748 2306 soepius
779 2242 1056 2301 evanescit,
1096 2237 1237 2288 unde
1272 2233 1463 2285 thorax
1502 2244 1552 2282 et
1584 2234 1842 2284 scutellum
1866 2233 1983 2285 ssa-,

343 2331 409 2362 va
443 2307 776 2358 immaculata
813 2310 1058 2358 evadunt.
1096 2303 1289 2370 Elytra
1324 2302 1542 2351 maculis
1585 2300 1829 2366 pluribus
1869 2320 1961 2352 ro-

344 2381 439 2438 seis
466 2379 760 2442 tinguntur.
801 2378 1003 2426 Accidit
1048 2383 1236 2433 tamen,
1271 2380 1330 2419 ut
1363 2389 1465 2419 non
1492 2371 1584 2418 nisi
1626 2385 1727 2416 una
1766 2370 1982 2426 attera,

342 2466 406 2496 ve
442 2444 644 2492 macula
695 2461 830 2511 pone
868 2441 1097 2493 medium
1147 2444 1212 2489 sit
1253 2448 1511 2505 superstes
1549 2446 1601 2485 et
1634 2437 1980 2487 obsoletissi-·

341 2532 442 2564 ma.
490 2510 789 2564 Membrana
823 2513 1098 2562 infuscata.
1145 2506 1294 2560 Tibiae
1319 2506 1612 2574 spinulosae,
1653 2507 1965 2571 nigro-sub-

341 2588 624 2651 punctatae.
848 2595 851 2598 ·
940 2602 942 2604 ·
1042 2591 1046 2594 ’
1124 2589 1127 2592 ·
1286 2587 1288 2589 ’
1469 2587 1472 2590 ·

487 2667 628 2720 Not.
686 2669 958 2720 Iuniorem
1007 2670 1162 2718 modo
1198 2677 1250 2717 et
1285 2682 1454 2733 nuper
1481 2664 1744 2713 exclusam
1785 2664 1960 2712 varie-

341 2747 503 2791 tatem
565 2738 619 2789 P.
658 2739 924 2804 sanguinei
962 2739 1307 2787 credidimus:
1341 2742 1394 2782 at
1433 2734 1670 2784 abdomen
1712 2734 1761 2781 in
1783 2732 1958 2801 pluri·-

348 2811 448 2859 hus
470 2809 758 2868 exsiccatis,
789 2822 882 2855 ano
916 2807 1083 2854 solum
1120 2806 1376 2865 coccineo,
1408 2812 1577 2850 totum
1615 2817 1881 2865 nunquam
1900 2819 1958 2848 e·-

346 2876 492 2924 vadit
529 2875 722 2922 rufum.
769 2875 1026 2923 Praeterea
1071 2874 1243 2940 elytra
1286 2870 1503 2919 maculis
1541 2870 1698 2916 roseis
1738 2870 1957 2933 sparsis,

344 2962 447 2991 non
490 2942 665 2991 colore
704 2959 849 2990 roseo
871 2945 1116 3007 contiguo
1151 2942 1444 3005 tinguntur.
1467 2936 1632 2986 Valde
1672 2945 1843 2984 tamen
1873 2934 1956 2982 af-

341 3013 465 3060 fines
501 3019 626 3060 sunt
667 3009 723 3059 P.
760 3025 949 3071 roseus,
982 3008 1291 3074 sanguineus
1326 3016 1378 3055 et
1415 3004 1659 3072 Querceti.

475 3119 529 3170 P.
568 3134 743 3171 roseus
781 3118 953 3170 colore
987 3117 1124 3168 flavo
1166 3119 1218 3167 in
1240 3132 1447 3169 roseum
1481 3123 1725 3183 vergente
1761 3114 1955 3166 tinctus
