2100 3563
557 300 589 332 2

351 426 451 477 nisi
490 423 599 472 duo
641 419 999 470 observantur
1039 415 1187 462 nervi
1248 405 1678 476 longitudinnles,
1733 401 2015 471 simplices,

349 497 486 546 alter
524 496 575 543 in
618 489 806 548 medio,
853 485 989 532 alter
1028 484 1096 531 ad
1135 483 1426 545 marginem
1470 478 1799 526 interiorem.
1859 470 2019 520 Pedes

351 583 455 625 sex,
491 560 576 619 vel
619 556 900 623 simplices,
940 553 1070 606 nudi
1107 571 1143 601 s.
1193 547 1471 619 spinulosi,
1526 543 1612 594 vel
1650 542 1925 592 incrassati
1957 535 2018 588 δε

351 629 683 694 denticulati.

488 728 681 780 Differt
739 721 947 775 Sexus:
1012 717 1239 784 genitale
1304 714 1484 766 Maris
1527 728 1736 773 corneo,
1796 711 2023 774 integro,

351 804 539 853 hamos
588 797 722 844 duos
792 789 1112 840 includente.
1194 790 1255 836 In
1295 784 1503 835 Femina
1544 780 1689 830 adest
1747 782 1899 839 rima,
1935 777 2024 825 cui

355 872 524 936 stylus
586 862 905 921 ensiformis,
956 859 1254 925 vaginatus,
1320 854 1470 903 haud
1510 848 1815 910 retractilis,
1853 849 2027 896 inter-

357 944 486 991 dum
526 933 887 993 absconditus,
926 926 1134 976 insidet.

535 1188 714 1236 Genus
751 1180 1186 1245 Hemipterorum
1229 1170 1404 1222 Cimex
1454 1173 1603 1220 erm.
1647 1163 1707 1218 ὅτ
1745 1167 1825 1216 ΒΕ
1867 1168 2028 1215 Gna.

361 1276 525 1329 opera
567 1252 625 1302 &
663 1254 840 1301 studio
873 1248 980 1298 Cel.
1022 1247 1257 1294 Fissmcu
1320 1244 1371 1289 in
1437 1244 1738 1310 Systemate
1773 1235 2027 1304 Rhyngo-

360 1340 547 1389 torum,
586 1343 627 1373 a.
687 1322 812 1371 1803
855 1320 1015 1375 editu,
1063 1329 1160 1381 per
1198 1316 1265 1363 ‚23
1306 1312 1514 1361 Genera
1554 1309 1658 1358 fuit
1696 1308 2034 1374 dispositum.

361 1399 574 1466 Species
613 1392 861 1443 omnibus
901 1390 980 1436 his
1019 1385 1320 1434 Generibus
1360 1384 1566 1431 insertae
1607 1381 1660 1427 in
1705 1379 1849 1426 dicto
1891 1375 2036 1424 libro

363 1482 650 1518 numerum
696 1461 793 1526 780
836 1460 1108 1524 superant,
1147 1452 1428 1500 Familiam
1479 1470 1515 1499 s.
1563 1449 1820 1496 Ordinem
1859 1446 2035 1493 Natu-

364 1537 529 1586 ralem
570 1537 686 1596 iure
724 1530 1119 1577 constituentes.
1173 1521 1333 1570 Varia
1376 1538 1594 1586 quoque
1633 1517 1702 1566 ab
1737 1514 1857 1564 aliis
1896 1513 2038 1562 facta

365 1613 488 1656 sunt
521 1603 880 1652 additamenta
918 1595 1098 1657 figuris
1136 1594 1287 1640 aeneis
1323 1586 1380 1639 &
1412 1586 1878 1639 observationibus
1914 1584 2038 1630 illu-

365 1683 551 1724 strata.
635 1673 696 1720 In
747 1668 828 1716 his
882 1662 1126 1732 inprimis
1167 1660 1477 1710 nominandi
1535 1664 1661 1707 sunt
1714 1653 1823 1706 Cel.
1870 1653 2039 1703 Sion.

364 1739 423 1794 <Sc
462 1743 678 1793 Womvr.

539 1836 869 1891 Felicissimo
907 1846 1121 1900 quoque
1162 1828 1374 1894 ingenio
1410 1818 1469 1872 &
1514 1838 1707 1887 magna
1771 1819 2041 1868 industria

368 1908 769 1976 dispositionem
833 1907 1105 1953 Generum
1146 1899 1477 1946 Insectorum
1540 1889 1884 1960 plurifariam
1925 1888 2042 1936 ela-

368 1980 582 2035 boravit
646 1974 754 2023 Cel.
819 1975 1127 2031 LATREILLE,
1209 1966 1600 2028 Entomologus
1659 1958 1844 2007 Galliae
1886 1957 2043 2006 facile

370 2047 676 2121 primarius,
752 2046 837 2093 Sic
875 2045 928 2089 in
970 2038 1146 2103 Opere
1205 2053 1376 2101 nuper
1415 2035 1590 2081 edito:
1660 2028 1903 2080 Familles
1941 2042 2046 2076 na-

369 2117 579 2173 turelles
638 2114 707 2164 du
754 2113 934 2179 Regae
971 2107 1188 2157 Animal
1253 2106 1402 2152 Paris
1452 2100 1600 2162 1825,
1661 2098 1760 2156 820,
1833 2098 2044 2163 Species

376 2186 669 2242 Cimicidum
709 2185 775 2232 ad
816 2182 1177 2241 Heteroptera,
1210 2191 1326 2241 quae
1366 2171 1662 2221 Sectionem
1695 2166 2051 2232 Hemiptero-2¹

373 2274 492 2309 rum
519 2256 745 2321 primam
794 2250 1146 2308 constituunt,
1187 2256 1484 2307 eorumque
1512 2239 1578 2285 ad
1611 2236 1896 2288 Familiam
1928 2235 2040 2299 pri-

373 2342 531 2384 mam,
602 2318 995 2388 (GeocorisaS‚)
1053 2314 1281 2371 retulit3
1350 2326 1514 2358 novas
1590 2314 1848 2375 praeterea
1900 2304 2047 2351 divi-

374 2400 544 2447 siones
583 2391 899 2446 introduxit,
954 2385 1012 2433 ὄζ
1052 2384 1263 2431 nomina
1327 2382 1392 2443 45
1444 2379 1716 2426 Generum
1753 2390 2044 2421 enumera-

374 2469 466 2514 vit.
546 2459 695 2509 Hanc
755 2466 934 2508 autem
997 2452 1282 2502 Familiam
1348 2453 1401 2498 in
1456 2447 1695 2512 quinque
1762 2443 2047 2490 distribuit

380 2532 582 2586 Tribus,
649 2543 879 2595 quarum
931 2524 1119 2591 prima,
1163 2524 1457 2587 specierum
1498 2516 1779 2574 ditissima,
1822 2511 2048 2559 divisio-

379 2604 539 2653 nibus
590 2601 786 2648 iterum
866 2597 1172 2658 iterumque
1234 2589 1474 2658 repetitis
1540 2584 1763 2633 nimium
1824 2580 2051 2630 forsitan

381 2672 607 2722 laborat.

525 2764 791 2818 Cimicides
828 2762 1065 2811 Sveciam
1104 2756 1347 2823 inprimis
1399 2752 1690 2803 incolentes
1747 2747 2049 2798 describere

383 2843 436 2889 in
477 2839 713 2885 animum
756 2837 857 2900 jam
901 2830 1219 2878 induximus.
1296 2823 1467 2886 Huius
1536 2831 1715 2868 autem
1756 2820 1831 2866 rei
1869 2828 2071 2863 exem-³

384 2909 534 2977 plum
572 2908 624 2953 in
662 2899 1047 2967 Monogrnpizm
1075 2895 1313 2946 Cimicum
1355 2893 1561 2945 Svecice,
1597 2890 1800 2937 Hafniae
1839 2905 1882 2934 a.
1923 2885 2051 2947 1807

388 2987 540 3027 antea
578 2974 836 3027 dedimus,
884 2968 1136 3016 methodo
1174 2962 1502 3012 Fabricianae
1540 2959 1640 3007 hoc
1679 2967 1918 3022 tempore
1963 2954 2051 2999 ui-

386 3050 482 3096 mis
524 3044 737 3092 addicti.
795 3039 998 3088 Deinde
1038 3036 1314 3102 Specimen
1357 3048 1546 3079 novam
1586 3029 1894 3092 Hemiptera
1932 3023 2049 3070 dis—

388 3114 619 3182 ponendi
664 3109 969 3159 methodum
1009 3104 1261 3154 exhibens
1301 3119 1345 3150 a.
1387 3101 1515 3161 1314
1552 3097 1831 3153 edidimus,
1874 3100 2050 3139 notas-

390 3203 492 3250 que
531 3183 796 3248 genericas
855 3196 884 3225 a
948 3175 1109 3225 variis
1176 3171 1415 3239 corporis
1468 3166 1713 3237 partibus
1778 3163 2050 3212 desumtas
