2100 3563
517 249 568 313 ’4

466 391 666 439 Omnes
727 379 787 432 ὅτ
825 382 1056 449 singulas
1094 380 1409 432 Cimicidum
1469 384 1665 450 species
1727 390 1981 435 contactu

326 463 545 513 odorem
579 456 803 522 prodere
837 452 1159 518 specificam,
1232 455 1395 516 magis
1436 455 1675 503 minusve
1715 454 1984 517 foetidum,

329 529 624 594 (interdum
663 524 771 572 fere
808 525 1038 588 gratum)
1103 522 1298 568 mirum
1335 539 1460 571 sane
1496 523 1786 572 videbitur.
1829 523 1983 570 Adfi-

329 604 569 656 nitatem‚
640 611 755 659 quae
812 598 949 639 inter
1018 588 1135 637 illas
1185 591 1481 653 intercedit,
1540 594 1821 640 maximam
1872 590 1984 638 haec

332 667 582 736 qualitas,
628 664 694 710 ab
734 663 1060 723 homogeneo
1118 660 1347 725 quodam
1377 660 1613 709 alimenti
1656 677 1842 726 genere
1877 662 1983 707 mi·-

330 755 432 787 nus
467 742 607 800 apte,
661 748 822 795 quam
859 745 887 775 a
925 738 1194 787 structura
1242 732 1480 795 corporis
1519 732 1729 792 interna
1773 728 1984 780 confor-

329 807 404 858 mi
439 801 766 871 explicanda‚
804 797 960 847 facile
1011 797 1341 865 comprobat.
1982 816 1993 823 s

469 1053 658 1124 Imdgo
711 1052 1047 1105 characteres
1110 1051 1470 1118 systematicos
1529 1050 1697 1100 solum
1762 1049 1982 1118 praebet.

331 1131 418 1183 Sic
451 1146 483 1177 a
521 1129 728 1176 diversa
780 1123 937 1174 rostri
1001 1129 1463 1186 antennarumque
1516 1130 1805 1182 structura,
1846 1119 1984 1167 arti-

332 1198 617 1257 efflatione,
674 1192 961 1243 insertione
1000 1185 1058 1238 &
1098 1191 1461 1257 proportione,
1501 1190 1836 1240 characteres
1874 1189 1985 1236 Ge·-

330 1279 521 1319 nerum
582 1262 837 1313 desumsit
887 1260 995 1309 Cel.
1030 1261 1324 1320 FAssmqus7
1370 1260 1698 1326 eandemque
1751 1261 1889 1307 viam
1925 1259 1983 1305 in

332 1333 639 1387 definiendis
673 1330 1020 1381 divisionibus
1053 1336 1262 1378 secutus
1299 1337 1376 1375 est
1407 1328 1511 1376 Cel.
1546 1330 1855 1388 LATRmLLE,
1882 1327 1982 1387 ad·-

332 1407 480 1476 jectis
510 1411 682 1450 tamen
724 1401 863 1448 notis
904 1398 972 1446 ab
1014 1397 1130 1446 aliis
1175 1396 1420 1463 partibus
1448 1399 1719 1448 desumtis.
1773 1396 1984 1446 Harum

335 1483 514 1525 autem
541 1469 908 1525 constantiam,
932 1468 964 1514 i.
983 1487 1023 1517 e.
1059 1476 1324 1533 quatenus
1356 1468 1603 1516 omnibus
1625 1468 1858 1532 ejusdem
1886 1469 1986 1516 Ge-

330 1544 472 1594 neris
498 1538 771 1607 speciebus
800 1547 922 1586 sunt
959 1553 1279 1595 communes,
1305 1535 1623 1602 investigare
1659 1545 1822 1602 atque
1852 1552 1982 1584 exa·-

331 1614 553 1671 minare,
591 1606 821 1657 difficilis
861 1608 1047 1673 saepius
1084 1605 1184 1653 erit
1223 1604 1390 1653 labor.
1434 1604 1614 1655 Nihilo
1652 1614 1827 1653 tamen
1877 1607 1982 1652 mi-

333 1698 452 1741 nus,
492 1678 533 1727 si
568 1677 672 1725 alia
707 1676 942 1740 quadam
983 1678 1070 1723 via
1108 1674 1393 1739 procedere
1438 1676 1514 1724 fas
1553 1683 1647 1737 est,
1686 1692 1789 1722 non
1826 1690 1979 1739 pror-

334 1766 422 1800 sus
458 1744 801 1814 impossibile,
832 1762 928 1793 nec
966 1744 1103 1793 forte
1133 1759 1595 1807 supervacaneum
1632 1742 1980 1810 judicabitur,

335 1820 543 1869 Genera
592 1814 910 1864 Cimicidum
952 1813 1307 1862 determinare
1363 1812 1616 1861 methodo
1658 1815 1982 1878 couvenien-

333 1886 480 1948 riori,
541 1900 658 1952 quae
710 1885 946 1947 quidem,
1003 1901 1033 1931 a
1072 1897 1394 1946 quocunque
1451 1882 1818 1949 systematioo,
1859 1885 1984 1931 usui

335 1955 647 2023 systematis
687 1948 745 2001 &
794 1953 885 2001 fini
923 1951 1247 2007 consulente,
1296 1961 1373 2000 est
1418 1949 1782 2016 exspectanda.
1858 1949 1981 1999 Sive

333 2024 472 2075 enim
511 2029 837 2073 structuram
874 2022 959 2071 vel
997 2021 1161 2069 totius
1187 2023 1423 2083 corporis
1456 2021 1539 2067 vel
1572 2021 1684 2087 ejus
1724 2021 1979 2083 partium,

334 2096 441 2145 sive
478 2095 649 2158 ipsum
692 2091 902 2140 vivendi
941 2090 1155 2139 modum
1209 2090 1557 2156 conspexeris,
1597 2089 1791 2154 species
1831 2086 1981 2138 haud

332 2179 530 2230 paucas
569 2160 771 2211 videbis
810 2161 950 2208 inter
979 2176 1030 2208 se
1069 2158 1278 2220 similes,
1322 2177 1430 2223 quo
1469 2166 1711 2224 respectu
1750 2157 1849 2204 sub
1888 2176 1983 2206 eo-

305 2234 453 2280 ·dem
485 2231 689 2279 Genere
739 2227 970 2279 militare
1027 2227 1236 2275 debent.
1315 2229 1657 2291 Quamquam
1698 2228 1839 2274 enim
1881 2247 1984 2277 no·-

333 2310 431 2362 tas,
479 2301 559 2348 uti
600 2300 679 2348 sas
718 2297 838 2359 fuit,
909 2315 940 2346 a
980 2305 1251 2346 structura
1304 2296 1541 2362 corporis
1604 2297 1822 2361 ejusque
1855 2315 1986 2364 par-

333 2371 470 2418 tium
506 2366 839 2417 solummodo
864 2366 1244 2426 ,desumsimuffi
1307 2365 1761 2430 metamorphosin
1802 2374 1983 2413 tamen

332 2433 391 2485 &
432 2438 635 2486 victum
693 2439 748 2485 in
784 2438 897 2502 ipsa
942 2438 1059 2485 viva
1096 2442 1289 2482 natura
1328 2433 1510 2482 sedulo
1549 2434 1984 2496 observavimus3

330 2507 472 2555 unde
512 2508 738 2566 Genera,
784 2507 968 2572 prouti
1010 2521 1039 2550 a
1079 2502 1229 2550 nobis
1268 2519 1658 2570 proponuntur,
1705 2507 1819 2569 jure
1868 2521 1982 2551 me·-

333 2578 544 2640 ritoque
589 2575 851 2625 naturalia
889 2574 1110 2624 salutari
1151 2575 1349 2638 possint
1407 2570 1511 2619 Nec
1545 2579 1621 2618 est
1661 2573 1978 2636 negandum,

336 2645 464 2710 quin
505 2653 638 2693 notae
678 2661 707 2691 a
745 2644 1035 2693 directione
1074 2658 1361 2689 nervorum
1403 2641 1455 2687 in
1516 2641 1629 2707 ipsa
1688 2641 1985 2691 membrana

334 2713 729 2779 hemelytrorum
770 2712 1001 2767 facilem,
1039 2712 1200 2758 immo
1229 2709 1555 2768 facillimam,
1593 2708 1657 2755 ad
1698 2710 1982 2758 divisiones

334 2777 395 2830 &
434 2782 501 2830 ad
535 2782 740 2829 Genera
778 2780 1128 2846 dignoscenda
1166 2781 1304 2827 viam
1345 2779 1590 2826 indicent.
1650 2779 1810 2826 Nobis
1852 2797 1983 2843 quo-

335 2869 438 2917 que
474 2851 695 2914 contigit
746 2867 849 2899 non
908 2849 1080 2897 solum
1143 2858 1400 2913 tempore,
1444 2866 1548 2913 qno
1609 2848 1741 2895 vixit
1779 2848 1982 2898 Hafniae

333 2924 386 2971 b.
424 2937 490 2967 m.
547 2921 589 2966 N
650 2919 812 2967 To'ND.
860 2919 1025 2979 Lirim,
1088 2931 1333 2983 magnam
1398 2918 1692 2982 specierum
1744 2918 1979 2966 exotica-

334 3007 452 3039 rum
491 2991 693 3055 copiam
732 2985 1097 3052 contemplari,
1145 3004 1330 3034 verum
1389 2987 1549 3032 etiam
1604 3002 1839 3033 accessus
1879 3004 1980 3034 no-

329 3060 410 3109 bis
444 3061 619 3125 patuit
658 3057 723 3104 ad
769 3055 940 3103 Nobil.
1007 3072 1037 3101 a
1073 3052 1283 3120 Vigiliis
1341 3053 1653 3102 Praefectum
1703 3047 1760 3100 δε
1806 3053 1980 3119 Equi-

330 3138 436 3177 tem
475 3129 664 3180 Lfionu.
709 3126 1032 3189 Grannum,
1091 3126 1194 3189 cui,
1237 3131 1386 3175 tanta
1427 3132 1629 3190 quanta
1693 3121 1975 3184 debentur,
