2004 3574
1527 254 1560 304 3

109 383 370 448 eligimus.
445 382 592 432 Hanc
643 380 1175 432 autemmethodum
1233 382 1461 435 ulterius
1514 394 1762 459 persequi

109 452 428 518 Speciesque
492 453 631 519 ipsas
691 454 838 501 novis
901 453 1121 501 detectis
1187 461 1368 502 auctas
1414 467 1759 527 pertractare,

95 529 350 570 nostrum
392 522 494 587 jam
537 524 638 569 erit
674 523 1027 590 propositum.

263 631 386 684 Vita
425 627 483 680 (ἵε
525 628 964 698 Metamorphosis
997 632 1312 685 Cimicidum
1352 656 1383 687 a
1418 638 1640 704 reliquis
1661 641 1754 690 He-

104 703 346 768 mipteris
383 701 530 750 haud
585 700 755 749 multo
797 700 1012 749 recedit.
1089 703 1405 771 Explicatur
1452 709 1651 758 scilicet
1693 711 1761 760 ab

106 788 207 819 ovo
246 769 426 823 Larva
464 768 758 836 hexapoda,
822 770 1043 833 Imagini
1083 772 1420 837 aliquatenus
1465 777 1665 841 similis,
1707 790 1763 828 at

103 847 307 905 aptera.
386 838 590 903 Elytris
624 836 828 904 alisque
873 836 1146 903 explicatis
1182 841 1367 909 Imago
1402 864 1436 895 s.
1494 849 1761 897 insectum

105 907 430 972 completum
473 907 676 955 oritur„
741 909 880 957 Ante
920 905 1020 955 hoc
1058 916 1268 976 tempus
1309 916 1361 960 in
1395 921 1536 966 statu
1573 913 1762 967 Larvoe

101 977 268 1023 vitam
309 976 528 1039 degunt,
561 975 657 1022 nisi
699 994 727 1023 a
769 986 1027 1042 tempore,
1084 995 1190 1041 quo
1237 980 1597 1032 rudimentum
1640 985 1758 1048 ely-2

101 1052 311 1093 trorum
349 1045 624 1110 incipitur,
658 1050 850 1096 statum
887 1043 1041 1110 Papae
1078 1046 1251 1095 dicere
1290 1051 1466 1101 velles.
1512 1051 1633 1100 Haec
1668 1057 1760 1101 1110

102 1121 259 1176 secta,
304 1133 403 1182 pro
441 1130 606 1163 more>
649 1114 829 1176 solito,
883 1116 1090 1165 tunicas
1148 1115 1410 1183 deponere
1469 1122 1757 1171 verisimile

100 1190 196 1242 est,
237 1193 292 1233 at
328 1201 450 1232 raro
508 1185 866 1233 observatum.
943 1213 1013 1222 --
1088 1188 1254 1233 Instat
1304 1192 1502 1256 tempus
1556 1185 1757 1257 copula*

100 1251 255 1302 tionis
296 1253 484 1319 saepius
523 1248 583 1300 &
620 1253 833 1318 quidem
876 1255 1156 1319 saepissime
1213 1272 1317 1305 non
1362 1260 1530 1324 prim,
1598 1277 1760 1325 quam

102 1323 371 1371 Insectum
409 1321 642 1389 perfecte
685 1332 761 1370 est
798 1322 1142 1373 declaratum.
1194 1325 1253 1372 In
1297 1324 1618 1379 Cimicidibus
1657 1347 1756 1377 au-

98 1387 205 1439 tem
236 1391 395 1460 hujus
431 1396 508 1438 rei
538 1389 718 1456 plures
741 1391 963 1440 forsitan
991 1391 1191 1442 dantur
1226 1397 1758 1462 exceptiones‚quam

82 1462 153 1508 .in
192 1460 309 1509 aliis
351 1463 680 1509 Insectorum
719 1460 959 1509 Familiis
1001 1460 1171 1510 alatis.
1239 1464 1509 1528 Quasdam
1548 1466 1758 1530 Species

97 1546 304 1595 semper
337 1538 548 1597 apteras
584 1546 895 1596 permanere
926 1532 1192 1594 cognitum
1222 1542 1315 1581 est.
1347 1536 1405 1582 In
1433 1535 1551 1584 aliis
1590 1535 1756 1583 Sexus

96 1599 359 1649 alteruter
397 1598 591 1656 alatus,
638 1615 714 1645 ex.
755 1616 829 1664 gr.
870 1616 980 1647 mas
1023 1596 1177 1666 Capsz‘
1215 1601 1544 1666 ασπῦιιίαηίέε,
1598 1618 1760 1670 quem

96 1669 151 1716 in
194 1668 388 1730 copula
426 1686 548 1716 cum
588 1668 783 1716 femina
828 1677 1012 1734 aptera
1048 1686 1254 1735 semper
1307 1674 1619 1739 reperimus.
1697 1673 1758 1720 In

98 1736 216 1784 aliis
253 1739 569 1787 observatur
607 1737 800 1801 copula
838 1746 966 1785 ante
1001 1738 1407 1806 explicationem
1434 1741 1758 1808 elytrorum,
1833 1795 1837 1799 .

98 1821 177 1854 ex.
215 1821 290 1869 gr.
334 1807 386 1853 in
432 1803 586 1855 Coreo
623 1804 921 1873 mirzformi,
954 1822 1110 1871 quem
1145 1817 1401 1876 praeterea
1438 1808 1756 1878 copulatum

96 1876 397 1924 invenimus
436 1882 555 1941 post
590 1873 1003 1924 declarationem
1063 1877 1354 1942 perfectam
1406 1880 1491 1930 vel
1530 1878 1753 1927 alterius

95 1941 183 1990 vel
218 1947 503 2009 utriusque
541 1961 710 1992 sexus.
782 1943 993 1992 Adsunt
1049 1963 1264 2012 quoque
1303 1947 1515 2015 Species
1557 1948 1611 1995 in
1648 1946 1755 2013 Sy-

97 2019 317 2060 stemate
387 2019 586 2078 apterae
635 2011 908 2078 descriptae
964 2009 1022 2061 &
1067 2015 1433 2083 denominatae,
1473 2032 1589 2084 quae
1638 2015 1754 2064 ala-

93 2088 160 2129 tae
212 2089 397 2148 postea
441 2081 730 2130 observatae
766 2080 1006 2132 fuerunt.

246 2176 358 2228 Ova
417 2177 536 2229 loco
567 2195 666 2245 pro
705 2178 850 2227 victu
891 2174 950 2228 ὅτ
1011 2182 1313 2234 defensione
1374 2183 1565 2234 idoneo
1604 2201 1752 2235 com-

93 2246 337 2294 mittunt.
409 2248 705 2314 Plerosque
743 2265 929 2297 eorum
972 2251 1072 2299 sub
1110 2253 1306 2301 cortice
1349 2254 1623 2317 arborum,
1666 2254 1752 2303 vel

95 2315 163 2364 ad
202 2314 402 2366 radices
437 2316 764 2378 plantarum,
806 2317 891 2366 vel
936 2321 989 2368 in
1027 2319 1251 2370 floribus
1309 2326 1613 2390 progeniem
1653 2325 1755 2374 ab·-

95 2384 350 2432 scondere
389 2385 642 2435 creditur.
682 2412 752 2427 --
823 2386 1138 2441 Alimentum
1177 2406 1204 2437 e
1243 2409 1399 2440 succo
1433 2390 1755 2458 Vegetabili-

94 2469 188 2500 um
226 2451 526 2516 hauriunt3
581 2472 679 2504 nec
739 2457 837 2505 nisi
876 2461 1155 2523 pauciores
1213 2460 1317 2509 alia
1375 2464 1574 2510 insecta
1612 2462 1753 2509 infe·-

94 2529 254 2569 stant.
334 2524 566 2589 Ideoque
622 2525 821 2575 feroces
878 2527 1017 2593 (gall.
1072 2525 1429 2593 Carnassiers)
1510 2549 1613 2580 non
1652 2548 1755 2597 ap-

92 2591 265 2655 prime
329 2593 583 2643 dicuntur
628 2591 906 2645 Cimicz'des.
977 2594 1239 2648 Acanthia
1278 2600 1753 2660 lectularm‚f01·si-

94 2670 187 2707 tan
229 2662 384 2709 unica
424 2665 618 2726 species
659 2665 975 2730 sanguisuga
1023 2684 1052 2714 a
1097 2670 1390 2734 majoribus
1430 2668 1754 2735 quibusdam

97 2727 244 2778 Corei
287 2730 560 2796 speciebus
602 2733 898 2782 infestatur.
949 2733 1139 2783 Varias
1176 2740 1387 2803 species,
1431 2741 1509 2787 sin
1551 2753 1750 2797 omnes,

84 2793 155 2844 s&
195 2797 489 2847 Larvarum
529 2802 691 2849 instar
734 2797 788 2850 &
834 2804 1147 2867 Imaginum,
1204 2807 1304 2856 sub
1352 2811 1548 2856 cortice
1587 2805 1753 2854 arbo-

95 2883 237 2926 rum,
280 2867 378 2917 sub
416 2866 689 2934 lapidibus
721 2869 972 2940 foliisque
1010 2873 1279 2925 exsiccatis
1318 2875 1625 2941 hibernare,
1653 2891 1751 2923 sae-

93 2953 160 3004 pe
194 2935 608 3007 observavimus.
1314 2943 1316 2946 ¹
1620 2941 1621 2944 Ἴ

237 3031 452 3084 Volatus
491 3035 785 3100 Imaginum
821 3037 1005 3087 tardus
1046 3032 1106 3091 ὅτ
1153 3041 1347 3094 brevis.
1426 3043 1606 3095 Motus
1651 3056 1752 3091 au-

93 3107 203 3181 tem
241 3103 635 3155 ambulatorius
695 3105 1048 3177 frequentior.
