2019 3564
1372 257 1473 309 ¹71

173 375 272 429 No
290 382 326 429 t.
362 377 514 444 Nepa
542 375 772 445 grandis
810 377 967 428 Linn.
1007 395 1036 427 a
1073 380 1448 446 c'onspe'ciebus
1473 380 1681 449 aliquot

37 442 248 497 differt:
286 449 457 513 capite
496 446 729 510 thoracis
775 455 926 514 pai-te
962 450 1215 496 anteriori
1255 448 1395 498 haud
1439 454 1680 516 angusti-

34 533 144 578 ore,
201 518 366 566 oculis
417 517 604 565 obtuse
649 516 898 579 trigonis,
950 517 1075 577 (fere
1113 526 1171 564 ut
1221 520 1270 566 in
1329 519 1676 582 Notonectis)‚

33 584 342 633 membrana
384 584 684 651 elytrorum
728 587 952 636 striatim
995 586 1405 637 multi-nervosa
1447 592 1567 649 (non
1592 607 1678 637 re·-

31 651 320 714 ticulatim)
358 654 502 702 tibiis
542 650 644 700 late
684 655 1031 717 compressis3
1073 658 1329 720 imprimis
1354 667 1529 705 autem
1551 658 1677 705 tho-

32 738 155 769 race
188 722 358 770 antice
388 731 438 770 et
480 723 675 787 postice
717 718 862 768 haud
909 725 1265 786 emarginato,
1320 735 1376 773 ut
1415 735 1469 773 et
1523 728 1677 775 tarsis

31 790 278 839 omnibus
332 789 707 842 biarticulatis.
782 789 863 839 Ad
929 791 1107 841 Genus
1160 791 1452 846 Belostoma
1515 796 1674 844 LATn.

34 857 331 910 referenda.

170 983 484 1055 Dlfferentia
533 1004 563 1035 a
614 985 790 1037 colore
846 985 1015 1056 solum
1077 990 1314 1039 desumta
1369 990 1435 1039 ad
1480 991 1674 1058 species

28 1056 294 1126 Neparum
350 1057 718 1105 discernendas
778 1058 1050 1106 minimum
1095 1057 1250 1107 valet.
1326 1063 1510 1110 Potius
1551 1059 1675 1108 lho-

27 1143 204 1176 racem
245 1127 393 1193 apice
436 1125 517 1172 vel
554 1135 877 1195 truncatum,
905 1125 988 1173 vel
1027 1129 1189 1192 magis
1229 1130 1468 1178 minusve
1503 1146 1689 1177 emar--

28 1198 269 1262 ginatum
297 1233 311 1254 ‚
349 1203 406 1242 ut
449 1189 506 1242 &
548 1194 704 1245 tibias
739 1195 824 1245 vel
864 1214 1184 1263 compressas
1232 1199 1312 1245 vel
1351 1207 1539 1246 teretes
1576 1197 1674 1246 ad·-

23 1273 208 1314 curate
259 1263 542 1313 observare
582 1266 800 1327 juvabit.
878 1266 1161 1330 Proportio
1214 1274 1449 1315 setarum
1487 1273 1673 1315 notam

28 1349 173 1382 mere
217 1331 561 1382 vacillantem
606 1330 826 1382 forsitan
870 1332 1106 1402 praebet?
1142 1362 1211 1372 --

160 1471 311 1538 Nepa
353 1465 648 1520 Cimicoides
684 1471 835 1522 Lum-
880 1474 974 1522 Fn.
1013 1492 1114 1544 907
1150 1474 1204 1522 in
1240 1474 1524 1526 Familiam
1540 1475 1672 1526 sub-

23 1550 328 1611 sequentem
371 1539 782 1588 introduximus.

168 1677 281 1727 Non
323 1684 401 1724 est
439 1675 793 1742 diffitendum,
828 1682 958 1745 quin
1000 1681 1053 1730 in
1097 1689 1247 1730 tanta
1283 1685 1509 1751 penuria
1548 1699 1671 1751 spe-

26 1748 247 1807 cierum,
274 1755 327 1794 et
363 1744 518 1812 Nepoe
556 1748 701 1796 an.
737 1759 788 1798 et
826 1749 1135 1811 Notonectoe‚
1185 1752 1251 1800 ad
1293 1755 1502 1801 unicam
1552 1769 1669 1805 mo-

27 1817 96 1866 do
136 1814 415 1864 Familiam
461 1814 646 1864 referri
690 1819 906 1883 possint.
947 1819 1154 1868 Etenim
1193 1839 1296 1871 non
1352 1823 1541 1871 desunt
1569 1840 1668 1870 no-

26 1894 94 1935 tae
117 1901 437 1936 communes.
515 1885 707 1933 Obstat
747 1895 923 1936 tamen
965 1890 1019 1938 ni
1040 1888 1192 1940 valde
1229 1888 1666 1947 fallimurhimia

24 1956 265 2023 eorporis
301 1953 481 2007 sormae
521 1953 911 2006 dissimilitudo.

664 2159 1042 2198 *¹*-
