2100 3568
1275 87 1291 110 x
1323 95 1333 103 t

439 150 447 174 ἱ

481 232 584 283 Nos
611 227 969 293 ‘quoquc-,in
1007 223 1306 293 Systemate
1350 225 1768 281 Hmirrenomm
1805 225 2002 277 Svec'iae

343 301 718 367 elaborand07
804 297 1112 345 citissimam
1167 296 1479 364 Specierum
1541 294 2013 361 investigationem

345 376 674 443 qfiaerentes‚
721 367 943 414 eandem
985 364 1097 412 fere
1137 374 1188 413 et
1226 365 1452 413 similem
1494 367 1661 413 secuti
1706 381 1885 412 sumus
1923 366 2004 414 di-

343 437 683 494 stributionis
746 438 922 498 viam,
979 434 1032 481 in
1079 433 1376 500 Specimine
1436 433 1637 485 Novam
1698 432 2005 499 Hemiptera

343 505 646 578 disponendi
701 502 991 555 methodum
1034 503 1334 552 exhibente.
1375 504 1574 552 Lundae
1623 504 1686 552 A.
1733 502 1876 562 ¹8¹4·
1919 506 2007 554 Sic

345 592 563 648 quoque
620 578 672 624 in
717 574 1021 622 Generibus
1077 572 1427 632 definiendis,
1491 572 1804 621 methodum
1857 590 1889 619 a
1923 573 2002 622 Gt.

343 653 639 700 Larumna
696 646 764 705 (v.
817 642 1019 693 Genera
1083 639 1472 692 Crustaceorum
1532 636 1590 689 δε
1649 639 2012 704 Insectorum,

344 720 496 771 Paris
546 714 705 778 1807)
743 722 1034 779 acceptam,
1069 711 1167 758 etsi
1207 728 1266 757 ex
1300 714 1444 760 omni
1480 721 1632 778 parte
1660 727 1687 756 a
1725 710 1875 759 nobis
1902 728 2010 760 non

346 785 675 844 adhibitam,
725 783 989 847 aptiorem
1027 797 1135 829 esse
1174 779 1473 841 credimus;
1512 778 1848 828 characteres
1902 796 2005 827 au·-

342 867 452 906 tem
494 855 764 920 genericos
802 870 832 898 a
873 848 979 897 Cel.
1019 850 1270 898 Fiemcxo
1325 851 1645 917 propositos,
1685 848 1752 896 ab
1797 849 2004 895 instru-

341 928 537 975 mentis
575 920 791 970 cibariis
827 919 1191 981 extricandos,
1238 921 1523 966 maximam
1561 918 1769 966 adserre
1798 924 1850 964 et
1891 934 2010 965 mo-

344 995 559 1044 lestiam
599 999 652 1038 et
677 990 960 1049 incertum,
992 989 1144 1037 nobis
1178 995 1256 1037 est
1280 989 1756 1054 persvasissimum.
1798 980 2013 1036 Ete'nim

347 1070 583 1122 constat,
624 1077 733 1126 quo
768 1058 978 1108 facilior
1009 1066 1163 1106 estet
1199 1057 1518 1105 adcuratior
1574 1056 1843 1103 Generum
1879 1072 2012 1103 con-

342 1131 608 1193 structio,
647 1145 708 1177 eo
749 1131 991 1179 citiorem
1049 1129 1345 1193 specierum
1389 1142 1498 1174 esse
1533 1123 2011 1190 investigationem.

348 1200 510 1251 Notas
551 1200 718 1263 igitur
745 1217 848 1248 non
887 1201 954 1247 ab
996 1200 1153 1244 unica
1181 1203 1390 1243 tantum
1426 1196 1667 1262 corporis
1709 1200 1883 1259 parte,
1924 1190 2015 1241 sed

350 1287 382 1317 a
419 1268 672 1338 pluribus
707 1267 865 1316 simul
909 1265 1253 1316 consideratis
1299 1280 1409 1312 esse
1440 1264 1807 1327 desumendas,
1842 1278 2019 1312 recen-

348 1341 543 1390 tissimi
582 1339 845 1387 Auctores
887 1339 1005 1405 jure
1045 1336 1347 1400 meritoque
1387 1332 1734 1384 contendunt.

499 1492 655 1542 Hanc
715 1506 931 1556 quoque
982 1486 1317 1535 characteres
1371 1484 1597 1549 eligendi
1653 1487 1794 1534 viam
1850 1485 2018 1534 secuti

351 1580 551 1618 sumus.
612 1560 826 1608 Etenim
885 1555 1090 1603 nullam
1132 1554 1372 1618 corporis
1418 1561 1630 1618 partem
1678 1554 2019 1619 perlustran-

351 1635 474 1684 dam
507 1630 815 1687 omisimus,
850 1626 924 1672 ita
963 1631 1054 1685 ut,
1092 1623 1231 1670 facta
1267 1621 1527 1671 adcurata
1571 1630 1821 1669 notarum
1867 1639 2018 1670 com-

350 1700 651 1773 paratione,
694 1695 759 1743 ad
797 1692 1006 1758 regulas
1041 1694 1203 1753 artis,
1234 1700 1421 1757 aptum
1461 1691 1825 1740 characterem
1873 1708 2022 1739 com-—

351 1785 553 1841 ponere
584 1774 636 1815 et
673 1763 904 1825 facilem,
934 1764 986 1811 in
1031 1769 1294 1827 potestate
1333 1761 1515 1822 fuerit,
1556 1779 1650 1810 nec
1679 1777 1876 1826 genera
1918 1778 2020 1809 no-

353 1856 457 1901 va,
495 1836 595 1886 nisi
647 1834 936 1903 pauciora,
973 1833 1026 1880 in
1070 1830 1272 1878 Ordine
1325 1832 1686 1891 insectorum,
1730 1831 2023 1877 iterum'et

356 1908 547 1974 saepius
588 1904 882 1967 castigato,
924 1899 1197 1950 veteribus
1239 1899 1434 1949 addere
1471 1901 1637 1949 coacti
1677 1900 1900 1949 fuimus.
1944 1899 2025 1947 E-

355 1976 525 2026 tenim
575 1974 784 2021 Genera
843 1979 897 2018 et
944 1970 1100 2017 nimis
1148 1967 1319 2017 multa
1370 1978 1422 2017 et
1461 1970 1617 2017 nimis
1660 1984 1834 2035 pauca
1879 1970 2023 2033 fugi-

357 2045 496 2097 enda
537 2049 676 2092 sunt.
754 2038 857 2093 Illa
895 2041 1144 2089 oriantur
1172 2054 1382 2086 necesse
1418 2048 1530 2099 est,
1576 2040 1667 2088 ubi
1703 2038 1757 2085 in
1795 2037 2025 2085 Familia
2092 2030 2100 2038 ⁴

366 2113 677 2183 specierum
731 2108 1025 2166 ditissima,
1077 2109 1415 2161 characteres
1471 2108 1540 2156 ab
1593 2109 1753 2156 unica
1813 2115 2026 2154 tantum

359 2183 601 2251 corporis
639 2187 791 2247 parte
833 2187 1219 2244 quaererentur.
1295 2174 1418 2227 Hoec
1451 2189 1581 2227 tunc
1616 2177 1863 2225 exsistere
1898 2188 2025 2241 pos-

359 2260 504 2310 sunt,
545 2250 639 2299 ubi
687 2251 741 2297 in
784 2264 979 2315 magna
1025 2248 1331 2313 Specierum
1375 2251 1527 2315 copia
1569 2243 1826 2314 ejusmodi
1869 2244 2024 2308 eligi-

359 2331 456 2371 tur
491 2318 805 2380 character,
873 2320 972 2384 qui‘
1015 2316 1214 2376 efficit,
1270 2325 1328 2362 ut
1368 2317 1447 2366 hae
1487 2319 1684 2383 species
1733 2313 2025 2380 multiplici

362 2390 522 2439 modo
568 2391 767 2436 iterum
808 2390 1114 2453 iterumque
1159 2385 1213 2433 in
1262 2388 1518 2435 sectiones
1576 2384 1741 2435 dividi
1790 2382 2023 2450 possint,

364 2459 508 2507 unde
544 2460 755 2506 oriatur
788 2456 1028 2506 confusio
1070 2471 1275 2503 necesse
1300 2466 1394 2504 est.
1433 2456 1682 2504 Ceterum
1704 2453 1768 2501 ad
1812 2453 2024 2500 firman-

365 2528 433 2590 da
476 2536 529 2574 et
571 2525 942 2576 constituenda
1000 2526 1238 2585 Genera,
1297 2524 1753 2592 metamorphosin
1793 2524 2029 2571 victum-

367 2614 471 2664 que
503 2596 836 2647 Insectorum
873 2593 1150 2644 consulere
1187 2595 1405 2643 maximi
1433 2597 1670 2644 interest.
