2100 3563
604 278 688 335 ‘18
744 292 749 296 ·

412 430 553 483 tans,
587 423 743 471 flores
782 433 993 484 quoque
1031 419 1260 489 visitans.
1340 419 1566 481 Quando
1595 419 2054 486 capitur-‚timide

422 491 603 562 paullo
647 493 924 555 exspectat,
965 503 1080 533 mox
1132 496 1306 534 autem
1346 488 1595 537 celei-itur
1632 506 1844 537 currere
1880 490 2041 537 cona-

422 576 525 614 tur.
598 560 881 608 Humorem
921 557 1208 619 pingueme
1233 555 1520 605 demortuis
1560 565 1933 623 evaporantem
1957 564 2054 606 sae-

422 635 540 701 pius
574 628 814 678 vidimus.
1130 634 1132 636 ·

435 828 455 864 1
510 803 569 862 C.
613 801 795 858 ,Morio
838 806 983 866 ater,
1008 795 1443 868 immaculatus,
1485 798 1758 856 antennis
1787 795 1915 855 basi
1936 807 2058 854 tar-

590 885 784 962 sisque
825 881 1194 961 ferrugineis

540 1017 767 1085 'Cydnus
804 1011 970 1061 Morio
1008 1012 1164 1061 Fabr.
1208 1014 1412 1081 Rhyng.
1458 1016 1563 1076 184.
1613 1019 1658 1067 3.
1725 1012 1898 1064 Cimex
1929 1012 2056 1061 Ent.

397 1099 552 1164 'sy-st.
590 1091 633 1150 [4.
683 1083 788 1153 ¹⁹¹4·
841 1098 946 1141 171.
1003 1083 1151 1128 Linn.
1202 1083 1296 1130 Fn.
1342 1088 1458 1152 932.
1501 1084 1683 1132 Wolff.
1743 1084 1871 1130 Cim.
1913 1100 1958 1130 2.
2002 1098 2054 1147 p.

429 1175 490 1231 57
529 1173 564 1211 t,
602 1169 646 1220 7.
684 1153 820 1212 f-filp
853 1146 953 1197 Cim
996 1149 1167 1199 tristis
1201 1150 1354 1198 Panz.
1393 1152 1489 1213 Fn,
1513 1155 1574 1201 32
1612 1162 1648 1202 t.
1689 1151 1759 1200 ι6.
1795 1151 1864 1198 id.
1891 1148 2053 1198 Fabr.

432 1235 549 1286 Cim.
586 1227 737 1292 niger
774 1219 992 1286 Spinijoes
1027 1219 1105 1265 De
1131 1220 1264 1267 Geer
1308 1221 1407 1268 Ius.
1433 1223 1490 1269 ¹3.
1542 1220 1654 1289 269.
1702 1225 1776 1271 13.
1815 1217 2057 1267 Varietas

426 1306 611 1353 minor.

565 1390 686 1442 Mas
724 1382 776 1432 &
821 1383 946 1433 Fem·
982 1383 1187 1433 simile&
1229 1385 1545 1449 Hospitatur
1581 1386 1689 1435 haec
1728 1385 1918 1453 species
1958 1383 2058 1432 sub

431 1463 692 1532 lapidibus
715 1456 763 1502 in
802 1455 936 1516 agris
981 1457 1207 1502 arenosis
1232 1469 1395 1518 prope
1428 1453 1658 1504 vamin
1695 1455 1879 1502 scania
1911 1468 2059 1500 men-

399 1526 401 1529 ’
431 1553 482 1585 se
517 1530 674 1580 ,lunio
698 1564 707 1579 ,
767 1531 816 1570 et
856 1523 905 1568 in
945 1519 1137 1587 plantis
1172 1539 1418 1584 agrorum
1441 1518 1832 1587 'quiescentium
1883 1517 2055 1569 mense

431 1595 738 1667 Septembri.
814 1588 998 1638 Variat
1035 1596 1257 1655 uterque
1299 1589 1460 1638 Sexus
1499 1593 1857 1655 magnitudine
1903 1587 2057 1640 Cimi-

431 1674 501 1723 cis
536 1666 794 1716 baccarum
834 1666 883 1704 et
930 1655 978 1706 C.
1014 1657 1236 1706 oleracei.
1260 1659 1544 1726 —Corpus
1579 1672 1732 1707 ovato
1759 1658 2057 1716 dilatatum,

434 1740 652 1788 obscure
681 1731 915 1792 nigrum,
938 1742 1096 1791 supra
1135 1725 1407 1775 confertim
1444 1735 2058 1793 impresso—punctatum,

432 1800 865 1857 immaculatum:
925 1792 1228 1843 membrana
1297 1795 1588 1861 elytrorum
1651 1795 1850 1860 alisque
1905 1793 2057 1843 albis.

434 1869 703 1926 Articulus
747 1863 1002 1911 secundus
1025 1860 1088 1909 ad
1124 1864 1267 1912 basin
1307 1872 1682 1918 antennarum,
1728 1864 1852 1911 tarsi
1885 1870 1946 1910 et
1970 1880 2061 1909 ro-

434 1952 598 1992 strum
638 1933 931 1994 ferruginea
1035 1931 1244 1981 Thorax
1281 1933 1362 1980 vel
1416 1932 1643 1997 aequalis,
1683 1931 1761 1980 vel
1802 1933 1850 1978 in
1891 1930 2060 1978 medio

434 2006 765 2058 transversim
809 2000 987 2065 paullo
1021 2012 1258 2063 retusus,
1318 2000 1583 2066 (inprimis
1621 2001 1673 2050 in
1721 2000 2061 2066 minoribus).

433 2077 596 2127 Tibiae
634 2071 786 2122 valde
829 2069 1060 2134 spinosae.
2031 2094 2034 2098 .

573 2185 697 2240 Var.
734 2189 774 2256 β
811 2188 1006 2236 minor:
1039 2187 1342 2236 membrana
1373 2180 1666 2249 elytrorum
1708 2181 1792 2232 vel
1826 2182 1946 2232 alba
1978 2180 2060 2231 vel

432 2258 733 2325 nigricante.

569 2347 697 2398 Not.
727 2349 882 2395 Deest
915 2350 966 2396 in
1005 2347 1174 2413 figura
1209 2345 1463 2395 delineata
1505 2342 1553 2394 C.
1585 2344 1755 2398 tristis
1792 2349 1948 2397 Panz.
1970 2365 2062 2396 co-

432 2423 512 2470 lor
547 2418 695 2465 rufus
740 2417 806 2464 ad
843 2416 986 2464 basin
1026 2426 1370 2465 antennarum
1410 2421 1461 2460 et
1497 2414 1546 2460 in
1584 2413 1791 2478 plantis.
1832 2416 1922 2464 Hae
1959 2433 2059 2465 au·

433 2499 537 2537 tem
578 2493 750 2551 partes
790 2487 840 2532 in
878 2486 1154 2549 specimine
1189 2486 1444 2533 exsiccato
1483 2481 1635 2530 facite
1673 2485 2060 2549 nigrescunt.—

434 2554 702 2621 Specimen
743 2554 965 2599 vidimus
1002 2556 1259 2603 exoticum
1299 2548 1348 2599 C.
1389 2550 1599 2600 marioni
1634 2554 1805 2616 primo
1849 2555 2060 2617 quidem

431 2623 634 2672 intuitu
671 2621 1010 2681 simillimum,
1043 2630 1096 2668 at
1134 2621 1302 2688 specie
1329 2635 1505 2667 revera
1534 2619 1812 2668 diversum.
1851 2620 2060 2669 Etenim

433 2692 621 2740 thorax
664 2691 743 2736 vix
789 2691 1371 2754 impresso-punctatum,
1406 2696 1456 2735 et
1491 2686 1659 2752 elytra
1714 2692 1919 2754 punctis
1956 2707 2060 2737 non

435 2761 529 2807 nisi
567 2758 877 2816 rarioribus,
917 2774 1007 2804 nec
1049 2762 1119 2806 ita
1166 2756 1465 2824 profundis,
1496 2758 1741 2819 impressa
1784 2764 1920 2804 sunt.
1959 2758 2060 2805 Ca-

434 2835 534 2893 put
570 2843 780 2888 quoque
816 2824 997 2889 paullo
1034 2825 1302 2881 declivius,
1324 2824 1602 2890 superficie
1627 2827 1789 2889 magis
1827 2827 2061 2891 inaeqna-

431 2895 484 2942 li.
527 2894 629 2943 Pili
672 2893 874 2957 aliquot
911 2896 1133 2943 rariores
1165 2893 1319 2956 rigidi
1358 2895 1407 2940 in
1447 2890 1617 2939 fronte
1651 2901 1702 2939 et
1739 2894 1790 2940 in
1829 2894 2058 2957 margine

429 2962 662 3011 thoracis
711 2962 914 3009 adsunt.
974 2964 1133 3010 Forte
1188 2977 1296 3008 mas
1347 2958 1505 3027 Cydni
1544 2958 1854 3027 flavicdrnis
1903 2960 2060 3007 Fabr.

433 3031 635 3096 Rhyng.
685 3029 792 3088 184.
840 3030 904 3077 2?
929 3032 1235 3078 --Maxima
1267 3037 1342 3077 est
1378 3038 1428 3076 et
1462 3029 1561 3076 erit
1603 3029 1889 3094 specierum
1934 3027 2058 3074 affi-

431 3101 578 3145 nium
616 3097 978 3159 confusio,nisi
1014 3107 1146 3149 notae
1174 3115 1201 3145 a
1223 3100 1576 3162 st1·uctura‚·'et
1594 3097 1660 3148 ab
1697 3095 2059 3164 impressioni-

430 3166 529 3215 bus
571 3167 886 3217 indicantur.
