2019 3564
1399 271 1490 321 135

74 404 211 454 racis·
254 403 535 455 latitudine
560 442 573 468 ‚
610 414 664 455 at
704 404 903 473 postice
943 406 1125 471 smpius
1175 406 1338 469 magis
1383 406 1692 475 dilatatum,

72 475 306 538 margine
343 476 592 540 utrinque
635 484 848 523 sectum.
906 474 1095 539 Elytra
1134 474 1308 539 plana,
1336 475 1694 528 elevalo-ner-

73 557 192 587 vosa
222 559 235 601 3
275 559 334 588 ex
370 539 447 588 his
492 544 660 592 nervis
696 546 802 593 duo
842 542 1362 604 formant-annulum
1391 544 1691 609 oblongum.

73 608 377 659 Membrana
419 610 515 656 rite
560 611 816 677 explicata
857 628 1041 659 nervos
1089 611 1320 658 continet
1357 614 1384 660 3
1425 630 1462 658 s.
1502 612 1535 672 4
1574 615 1694 664 lon..

69 678 414 739 gitudinales,
465 680 555 742 qui
595 681 730 727 inter
768 696 819 726 se
873 678 1061 728 ramosi
1104 677 1420 726 reticulatim
1473 684 1696 747 conjun-

72 755 284 808 guntur.
335 745 491 795 Pedes
537 746 695 796 validi
735 747 805 809 (in
845 749 1034 797 nostris
1072 745 1362 813 speciebus)
1406 749 1694 816 simplices:

70 812 213 877 ‘tibiis
255 816 478 862 muticis.

206 910 377 961 Sexus
410 907 723 979 differentia:
773 912 895 963 Mas
930 909 1183 979 operculo
1225 910 1323 958 sub
1359 928 1460 960 ano
1515 913 1696 966 brevi-

71 977 149 1024 ori
197 989 248 1025 et
300 986 463 1041 magis
519 982 756 1041 eleva103
787 982 988 1047 femina
1046 978 1296 1044 operculo
1345 981 1565 1043 longiori
1606 987 1692 1035 vix

69 1043 292 1104 elevato,
336 1049 466 1095 rima
509 1053 693 1115 saepius
731 1049 925 1111 clausa,
964 1064 1064 1096 ano
1091 1063 1304 1114 quoque
1339 1051 1692 1118 acutioridig-

70 1116 322 1164 noscitur.

207 1207 396 1260 Vivant
425 1214 561 1261 intra
598 1215 814 1263 cortices
843 1213 1097 1262 arborum
1131 1220 1513 1276 emortuarum,
1552 1235 1689 1283 prae-

67 1278 240 1326 sertim
264 1279 459 1328 insilvis
482 1281 879 1347 Septentrionis.
923 1281 1131 1329 Etenim
1163 1281 1213 1327 in
1242 1280 1446 1343 Samia,
1469 1301 1691 1349 praeser..

65 1347 157 1392 tim
197 1349 246 1395 in
287 1347 408 1396 locis
453 1352 621 1397 minus
663 1349 1006 1411 silvestribus,
1044 1350 1130 1396 vix
1173 1349 1269 1396 nisi
1306 1366 1410 1397 una
1450 1352 1682 1406 alterave

63 1416 254 1478 species
288 1419 549 1464 rarissime
588 1436 618 1465 a
658 1420 802 1468 nohis
839 1418 1042 1467 detecta
1079 1416 1198 1465 fuit.

59 1579 72 1586 -
201 1535 508 1585 Alimentum
560 1537 776 1585 forsitan
831 1536 1013 1601 potius
1052 1552 1079 1583 e
1120 1545 1272 1587 suctu
1336 1538 1686 1592 animal-culo-

65 1619 181 1650 rum
220 1622 256 1651 s.
302 1603 569 1652 larvarum
638 1609 772 1653 intra
820 1605 1038 1653 cortices
1094 1606 1413 1669 viventium,
1462 1628 1618 1675 quam
1657 1629 1687 1661 e

66 1686 218 1719 succo
256 1672 481 1738 quodam
527 1673 826 1735 vegetabili.

209 1768 442 1819 Feminas
480 1769 712 1819 maribus
738 1768 971 1835 'majores
1013 1784 1216 1835 semper
1258 1770 1584 1826 invenimus.'

72 2007 92 2043 1
144 1986 221 2044 A.
270 1989 535 2046 betulinas
596 1990 837 2048 sordide
898 1989 1240 2067 nigricans:
1301 1990 1562 2053 thoracis
1600 1994 1686 2055 la·-

224 2073 447 2129 teribus
496 2073 880 2131 denticulatis
926 2095 1046 2131 non
1088 2073 1425 2152 diaphanis,
1469 2080 1682 2159 elytris

225 2157 649 2225 unicoloribuS,
693 2159 918 2238 postice
961 2159 1291 2216 coarctatiS.

186 2304 403 2356 Aradus
440 2306 612 2358 hetulae
662 2309 815 2356 FABR.
855 2309 1059 2374 Rhyng.
1115 2327 1223 2378 ¹¹9·
1270 2327 1343 2358 11.
1391 2309 1486 2359 ubi
1519 2329 1678 2379 syno-

59 2410 218 2460 nyma
256 2397 399 2445 Lim.
445 2407 495 2446 et
535 2401 610 2447 DE
647 2399 785 2447 sz
819 2399 1038 2449 delenda
1072 2409 1210 2453 sunt.

193 2533 304 2580 Mis
343 2530 399 2583 &
437 2536 566 2585 Fen.
609 2537 746 2587 Mire
785 2537 1047 2588 dolabrato
1088 2555 1187 2586 non
1216 2538 1433 2604 longior,
1461 2545 1515 2587 at
1540 2541 1681 2590 mul-

57 2611 111 2651 to
154 2599 324 2661 latior,
365 2605 414 2649 in
457 2605 1035 2670 silvis'Vestrogolhiae,
1073 2606 1419 2656 Vermlandiae
1455 2616 1550 2656 etc.
1579 2610 1678 2657 ob·-

56 2676 185 2730 yius.
229 2698 292 2707 -
335 2669 524 2738 Corpus
565 2676 837 2738 nigricans,
881 2675 1092 2722 minime
1135 2675 1374 2725 nitidum.
1435 2675 1681 2730 Antennae

56 2741 240 2785 crassae
291 2741 478 2801 nigrae:
512 2740 738 2789 articulo
780 2744 949 2806 primo
986 2742 1163 2805 brevi,
1215 2745 1440 2794 secundo
1479 2744 1678 2794 ultimis

54 2805 262 2853 duobus
301 2806 536 2870 longiori.
583 2808 790 2859 Thorax
828 2811 1018 2858 carinis
1062 2811 1187 2860 disci
1222 2821 1456 2877 quatuor
1489 2812 1678 2860 distin-

54 2873 341 2933 ctioribus3
388 2877 619 2938 margine
657 2877 1026 2928 denticulatus,
1102 2879 1292 2947 Elytra
1333 2885 1500 2929 antice
1542 2879 1680 2928 dila-

56 2948 181 2998 tata,
216 2944 411 3005 postice
450 2954 733 3006 coarctata,
766 2946 1021 2994 abdomen
1047 2948 1187 2997 haud
1221 2946 1476 3014 tegentia:
1510 2965 1672 2994 mem-

53 3007 214 3055 brana
265 3010 708 3060 fusco-nebulma.
787 3012 1044 3067 Abdomen
1104 3018 1203 3066 sub
1238 3021 1333 3066 alis
1377 3018 1674 3075 ferrugine-

51 3091 170 3135 um,
225 3078 273 3123 'in
338 3081 567 3142 margine
623 3081 936 3130 imbricatim
995 3088 1141 3150 quasi
1195 3095 1426 3133 seclum:
1468 3082 1672 3148 angulis

52 3154 438 3205 segmentorum
474 3146 623 3197 albis.
665 3148 822 3200 Pedes
860 3151 1082 3200 obscure
1122 3153 1425 3217 ferruginei.
1510 3159 1514 3163 '
