2019 3564
1350 272 1436 334 145

25 413 147 463 218.'
175 411 255 464 63.
299 410 469 464 Cimex
504 413 653 462 Lino.
679 412 775 462 Fu.
813 411 930 479 945.
954 412 1047 465 De
1082 398 1220 461 cm
1243 411 1342 460 lns.
1366 413 1413 461 3.
1440 416 1478 456 t.
1512 407 1584 469 14.
1602 407 1641 455 f.

28 496 108 557 14.
145 494 219 547 15.
263 496 415 544 sz.
457 496 551 542 Fn.
594 513 672 561 ¹79.
716 504 748 543 t.
777 512 855 544 21.

165 586 274 632 Mus
310 584 362 632 <Sc
414 586 535 632 me.
575 584 780 632 similes.
820 586 1024 650 Species
1072 584 1269 648 ubique
1314 582 1549 647 cognita,
1590 583 1644 629 in

4 648 209 701 ‘Scania
248 662 415 701 tamen
452 654 622 699 minus
647 651 949 716 frequenter
987 655 1233 700 occurrit.
1275 681 1340 688 —-
1380 650 1646 699 Antenna-

23 737 137 771 mtm
176 721 433 768 articulus
470 723 670 787 primus
694 738 912 781 crassus,
942 723 1170 779 brevi0r3
1202 719 1419 767 ultimus
1453 719 1644 766 o'blon-

22 788 301 852 go-ovaiis.
369 787 561 854 Corpus
625 788 1028 853 subpubescens.
1090 785 1267 836 Pectus
1324 794 1369 836 et
1411 785 1650 844 abdomen

24 856 160 916 rusa,
200 855 386 904 subtus
432 855 626 919 triplici
667 856 849 902 ordine
885 856 1349 918 nigro-maculata.
1405 852 1648 905 Thoracis

26 922 164 969 linea
204 923 412 971 collaris
450 922 651 970 elevata
677 922 840 986 nigra.
879 923 1037 973 Pedes
1065 924 1197 985 nigri
1222 924 1650 989 pubescentes.—

26 991 84 1036 Iu
123 989 311 1055 copula
348 992 532 1055 saepius
571 988 706 1036 hanc
742 990 1139 1038 observavimus
1176 992 1416 1056 speciem.
1444 991 1652 1039 -Dif-

25 1056 250 1106 ferentia
283 1058 520 1119 sexualis,
568 1065 626 1104 ut
665 1059 715 1104 in
754 1056 1040 1123 prioribus,
1065 1087 1131 1095 -—-

164 1147 259 1197 No
277 1153 311 1196 t.
377 1149 478 1196 Nos
541 1149 675 1196 hanc
727 1149 1053 1211 conjunxisse
1091 1150 1310 1214 speciem
1335 1187 1348 1211 ‚
1383 1167 1410 1197 e
1442 1148 1672 1216 Lygoeis·

25 1216 182 1266 FAnn.
225 1215 500 1279 divulsam,
536 1233 652 1265 cum
693 1216 963 1281 speciebus
1002 1218 1443 1281 antecedentibus,
1468 1220 1517 1265 in
1555 1239 1654 1268 no-

29 1299 96 1331 'vo
133 1283 321 1334 Genere
360 1285 644 1346 collocatis,
681 1285 870 1331 nemini
914 1285 1182 1333 videbitur
1211 1286 1416 1345 mirum,
1441 1287 1531 1351 qui
1556 1307 1652 1336 no-

32 1360 111 1399 tas
146 1354 360 1402 Generis
397 1371 423 1400 a
467 1353 614 1400 nobis
657 1353 977 1418 propositas,
1029 1355 1133 1401 sive
1171 1362 1494 1403 structuram
1532 1374 1653 1404 cor-

31 1422 191 1486 poris,
228 1421 332 1467 sive
369 1423 562 1468 victum
604 1429 653 1468 et
691 1420 1134 1485 metamorphosin
1174 1430 1494 1486 spectantes,
1534 1425 1652 1474 abs-

35 1505 137 1552 que
170 1491 482 1554 praejudiciis
519 1497 718 1537 attente
752 1487 1081 1536 considerare
1104 1487 1350 1542 voluerit.
1391 1489 1490 1540 Vix
1516 1513 1655 1562 quo..

35 1573 137 1619 que
173 1557 508 1616 dubitamus,
558 1559 683 1622 quin
729 1557 906 1621 piures
955 1558 1092 1604 inter
1144 1555 1221 1602 vel
1274 1555 1522 1624 Lygceos‚
1573 1563 1656 1611 vel

34 1621 212 1674 Coreos
261 1625 452 1685 me„
531 1627 874 1674 denominatae
926 1628 1028 1673 sint
1081 1626 1304 1689 species,
1366 1646 1479 1695 quae
1517 1635 1654 1680 notis

33 1691 467 1740 characteristicis
513 1694 634 1741 novi
686 1689 855 1743 Corizi
903 1694 1119 1740 Generis
1171 1695 1242 1739 ita
1280 1699 1658 1763 respondeant,

34 1769 95 1808 ut
135 1759 277 1808 locus
318 1763 393 1809 eis
433 1763 484 1809 in
518 1762 700 1809 eodem
744 1759 1009 1826 adsignari
1046 1763 1224 1826 possit.

36 1941 84 2014 β
132 1943 443 1999 Membrana
489 1940 886 2021 lzentelytrorum
908 1942 1097 1998 areolis
1129 1944 1324 2000 crebris
1361 1949 1660 2007 reticulata.

36 2115 78 2175 9
123 2092 536 2153 PYnnHocoms.
599 2093 810 2170 Corpus
849 2103 1127 2151 ovatum:
1193 2093 1547 2176 hemelytris
1597 2122 1661 2157 a-

207 2179 340 2259 pice
380 2176 744 2243 rotundatis,
791 2176 1142 2235 membrana
1181 2190 1272 2237 sat
1314 2182 1523 2242 crebro
1569 2204 1663 2242 re-

205 2261 503 2320 ticulatim
548 2281 814 2319 nervosa.

174 2401 218 2450 A
251 2400 642 2465 Congeneribus
676 2399 892 2448 differt:
928 2406 1197 2449 structura
1226 2397 1663 2467 hemelytrorum,

37 2475 99 2517 ut
139 2464 196 2517 &
233 2470 521 2518 directione
569 2485 852 2518 nervorum
890 2471 941 2516 in
979 2467 1270 2519 membrana
1309 2468 1564 2522 dissimili.

175 2561 378 2609 Novum
430 2562 609 2626 itaque
650 2559 750 2609 hoc
793 2560 1181 2610 introduximus
1230 2559 1399 2612 Genus
1438 2560 1493 2611 in
1530 2580 1668 2613 nova

34 2627 288 2679 methodo
328 2628 558 2697 Hemipt.
601 2630 745 2691 1814.
781 2648 834 2698 p.
867 2650 918 2698 9.

50 2809 72 2847 1
123 2791 192 2847 P.
241 2788 614 2849 Calmariensis
650 2790 835 2850 rubro
879 2790 1168 2869 nigroque
1209 2789 1445 2849 varius:
1503 2793 1668 2871 capi-

210 2883 287 2940 te,
332 2872 591 2932 thoracis
637 2874 869 2933 macula
906 2874 1140 2954 gemina
1183 2873 1506 2952 quadrata,
1538 2896 1668 2933 scu-

208 2954 386 3023 telle,
429 2957 761 3035 elytrorum
805 2959 1047 3039 punctis
1094 2948 1326 3015 duobus
1364 2958 1669 3016 ‚membra-

207 3058 401 3116 naque
445 3041 649 3119 nigris.

183 3143 354 3199 Cimex
394 3149 619 3213 apteruS.
657 3150 804 3201 Lum.
846 3150 989 3217 Syst.
1030 3150 1148 3199 Nat.
1202 3166 1247 3198 2.
1286 3165 1402 3216 727.
1450 3150 1529 3215 78.
1587 3151 1667 3201 Di:
