2019 3564
1432 247 1531 317 195

109 379 291 428 tudine
311 378 392 426 vel
419 378 665 427 mediocri
690 379 769 427 vel
797 380 1026 428 minuta.
1085 379 1338 431 Antennoe
1374 390 1602 439 maneae,
1643 389 1738 429 aut

107 447 361 512 elongatae
402 456 494 495 aut
532 448 847 497 mediocres:
884 448 1110 497 articulo
1148 452 1375 498 secundo
1422 450 1737 514 longissimo,

106 514 187 562 vel
228 515 446 576 alterius
497 517 575 563 vel
616 516 895 581 utriusque
938 533 1084 565 sexus
1123 533 1302 565 versus
1340 519 1538 584 apicem
1577 520 1735 566 inter·

105 583 229 630 dum
276 585 578 642 incrassat03
619 584 883 632 interdum
922 585 1167 649 simplici,
1196 587 1493 648 praesertim
1524 587 1574 633 in
1615 586 1738 653 Spe·

105 652 282 699 ciebus
329 652 630 699 linearibus.
678 649 834 715 Caput
874 653 1055 718 paullo
1104 651 1412 714 dilatatum,
1450 655 1604 704 oculis
1635 657 1735 702 sci-

105 717 226 767 licet
265 720 416 768 valde.
454 718 769 787 prominulis
798 729 996 784 partem
1036 720 1264 768 thoracis
1302 723 1619 770 anteriorem
1644 740 1735 771 su-

102 788 457 851 perantibus.·
507 785 662 837 Pedes
698 786 987 853 simplices:
1020 789 1165 836 tibiis
1203 788 1500 854 spinulosis.
1708 803 1711 805 ’

243 921 414 974 Victus
450 926 500 971 in
539 908 770 987 gramine
819 931 868 971 et
908 925 1278 973 in‘fruticibus
1322 943 1438 974 cum
1483 923 1732 993 Phytoco-

99 989 243 1106 §gibus
277 994 585 1108 clpmmunis.
620 990 912 1058 Hospitium
963 1009 1174 1059 quoque
1229 995 1281 1041 in
1319 991 1538 1044 floribus
1573 1005 1624 1045 et
1676 999 1730 1044 in

132 1069 286 1108 rutici
335 1078 408 1108 us.

247 1140 679 1208 Metamorphosis
733 1144 993 1192 interdum
1052 1143 1302 1204 aberrat3
1360 1145 1550 1195 femina
1590 1148 1729 1196 enim

98 1209 330 1258 nondum
378 1212 479 1259 rite
525 1210 782 1276 explicata
826 1212 1213 1277 copulationem
1261 1213 1481 1278 patitur.

235 1336 392 1410 No't,
442 1347 649 1413 Species
702 1355 889 1394 nostrae
939 1347 1090 1397 valde
1127 1347 1308 1395 affines
1371 1358 1492 1397 sunt
1538 1352 1727 1400 Generi

96 1413 380 1482 Plzytocori‚
424 1433 539 1464 cum
583 1433 689 1480 quo
733 1419 1048 1466 conveniunt
1076 1431 1285 1481 corpore
1309 1419 1728 1482 oblongo-ovato

95 1485 179 1533 vel
230 1486 469 1533 crassiori
525 1485 601 1531 vel
662 1484 988 1546 angustiori,
1046 1486 1278 1534 antennis
1335 1486 1726 1548 4-articulatis‚

96 1569 276 1601 versus
320 1555 517 1618 apicem
560 1552 861 1611 attenuatis,
909 1553 1297 1619 (capillaribus)
1339 1553 1561 1602 mollitie
1601 1574 1725 1602 cor-

94 1622 268 1686 poris,
310 1623 497 1668 vestitu
546 1620 809 1685 pilorum,
859 1623 1019 1686 spinis
1063 1623 1317 1670 tibiarum
1369 1631 1419 1669 et
1458 1631 1725 1670 structura

97 1687 446 1753 genitalium;
501 1698 553 1736 at
597 1687 807 1734 differre
856 1689 1103 1736 videntur
1163 1688 1446 1740 latitudine
1505 1689 1726 1741 thoracis

96 1756 402 1820 Subaequali.
484 1757 603 1804 Haec
655 1762 828 1802 autem
890 1756 1182 1803 differentia
1247 1758 1464 1818 minoris
1502 1756 1722 1806 forsitan

94 1827 343 1872 momenti
397 1825 813 1889 conjunctionem
876 1823 1064 1871 harum
1106 1825 1402 1890 specierum
1454 1842 1571 1872 cum
1617 1826 1724 1873 Ge·-

95 1909 218 1940 nere
256 1889 533 1957 Phytocore
566 1891 761 1939 rectius
799 1908 986 1956 urgere
1023 1892 1246 1940 videtur.
1287 1893 1556 1942 Crassities
1587 1910 1723 1959 quo-

96 1978 198 2025 que
237 1961 450 2008 articuli
493 1970 838 2007 antennarum
879 1961 1120 2022 secundi,
1160 1978 1188 2007 a
1227 1960 1333 2009 Cel.
1376 1964 1619 2010 Flentem
1647 1963 1723 2009 ci-

94 2037 226 2087 tata,
273 2046 370 2094 pro
406 2031 607 2076 Genere
647 2023 806 2091 Capso
843 2046 868 2075 a
907 2031 1090 2076 ceteris
1120 2027 1503 2092 distinguendO,
1540 2030 1722 2078 incon-

94 2104 233 2144 stans
277 2095 638 2144 tantummodo
690 2104 764 2141 est
813 2106 950 2144 nota.
1034 2099 1267 2163 Apiceni
1307 2097 1465 2161 hujus
1508 2097 1721 2145 articuli

94 2164 145 2213 in
189 2166 461 2230 speciebus
501 2164 707 2228 aliquot
738 2165 917 2228 primae
951 2165 1191 2213 sectionis
1224 2168 1536 2213 crassiorem
1585 2182 1720 2212 sem·

93 2251 189 2301 per
227 2233 661 2291 observavimus3
709 2240 762 2277 at
815 2234 864 2281 in
907 2231 1246 2297 sequentibus
1286 2250 1465 2285 omnes
1508 2232 1722 2282 articuli

93 2301 175 2357 vel
206 2302 441 2362 lineares,
476 2303 559 2365 (ut
596 2301 645 2346 in
698 2297 913 2366 Gagili)
955 2299 1035 2347 vel·
1080 2303 1131 2349 in
1174 2319 1296 2350 sexu
1343 2301 1604 2349 alterutro
1641 2303 1716 2348 in·

95 2367 319 2434 aequaies
356 2383 508 2430 sunt,
563 2377 610 2415 et
653 2372 702 2417 in
763 2369 921 2417 larvis
956 2368 1192 2417 femineis
1247 2375 1333 2432 (ut
1379 2371 1429 2416 in
1474 2365 1521 2417 C.
1549 2368 1721 2436 flavo-

93 2432 374 2502 ma'culato),
407 2438 662 2503 imprimis
713 2439 998 2485 crassitiem
1054 2435 1215 2501 hujus
1249 2436 1462 2486 articuli
1508 2438 1718 2486 secundi

94 2505 295 2552 videbis
330 2507 656 2566 distinctam,
699 2523 813 2570 quae
851 2506 1066 2570 quidem
1104 2507 1361 2555 crassities
1402 2508 1450 2553 in
1500 2507 1720 2569 imagine

95 2571 354 2636 completa
393 2592 496 2635 nnn
532 2583 722 2621 manet.
797 2572 1068 2631 Ejusmodi
1097 2581 1442 2622 antennarum
1487 2582 1717 2621 structu·

95 2658 153 2690 ra
188 2642 240 2689 in
279 2641 592 2705 quibusdam
623 2641 919 2707 Phytocoris
971 2641 1239 2706 speciebus
1284 2661 1497 2708 quoque
1535 2641 1718 2688 obser-

93 2717 272 2769 vatur,
306 2718 363 2759 ut
398 2712 450 2759 in
485 2709 576 2759 Ph.
617 2710 793 2760 danico
829 2718 880 2757 et
912 2706 1131 2775 gothic03
1166 2717 1216 2757 et
1253 2712 1304 2758 in
1342 2711 1426 2760 Ph.
1470 2709 1719 2760 thoracico

96 2778 241 2825 adest
280 2778 328 2827 in
373 2777 615 2825 masculis
659 2777 1028 2838 tuberculum,
1067 2779 1265 2843 apicem
1306 2779 1460 2845 hujus
1504 2779 1717 2825 articuli

94 2847 515 2906 crassescens,'in
556 2845 761 2893 feminis
799 2862 911 2892 non.
941 2847 1029 2894 ita.
1102 2845 1174 2893 Ut
1224 2847 1386 2910 igitur
1426 2851 1718 2894 retineatur

94 2913 253 2962 hoece
298 2915 473 2961 Genus
509 2910 717 2977 Connus,
761 2913 822 2961 ad
870 2921 1191 2961 structuram
1233 2914 1460 2963 thoracis
1479 2913 1718 2960 attende-

95 2999 168 3040 re,
205 2982 458 3047 imprimis
503 2982 567 3028 ad
603 2981 796 3029 collare
839 2980 1066 3044 globulis
1110 2982 1582 3046 nigro-nitentibus
1627 2998 1716 3026 or-

93 3059 296 3110 natum,
341 3049 638 3115 speciesque
665 3050 714 3096 in
745 3050 964 3097 dubium
1000 3058 1207 3098 vocatas
1263 3052 1314 3097 in
1351 3051 1552 3097 Genere
1581 3045 1718 3112 Phy-

92 3122 259 3168 tocore
289 3118 599 3182 investigare
627 3126 852 3184 oportet.
892 3116 1002 3168 Hoc
1025 3126 1200 3167 autem
1231 3118 1486 3185 imprimis
1508 3118 1571 3169 de
1599 3133 1717 3181 spe-
